<?xml version="1.0" encoding="UTF-8"?><record xmlns="http://www.loc.gov/MARC21/slim" xmlns:cinclude="http://apache.org/cocoon/include/1.0" xmlns:zs="http://www.loc.gov/zing/srw/">
  <leader>00349nz  a2200121n  4500</leader>
  <controlfield tag="001">nr2003034609</controlfield>
  <controlfield tag="003">DLC</controlfield>
  <controlfield tag="005">20031028033131.0</controlfield>
  <controlfield tag="008">031022n| acannaabn          |n aaa     c</controlfield>
  <datafield tag="010" ind1=" " ind2=" ">
    <subfield code="a">nr2003034609</subfield>
  </datafield>
  <datafield tag="040" ind1=" " ind2=" ">
    <subfield code="a">CaQMCCA</subfield>
    <subfield code="b">eng</subfield>
    <subfield code="c">CaQMCCA</subfield>
  </datafield>
  <datafield tag="100" ind1="1" ind2=" ">
    <subfield code="a">Rohn, Roland,</subfield>
    <subfield code="d">1905-1971</subfield>
  </datafield>
  <datafield tag="670" ind1=" " ind2=" ">
    <subfield code="a">Roland Rohn 1905-1971, 2003:</subfield>
    <subfield code="b">p. 4 of cover (studierte an der ETH ZuĚrich)</subfield>
  </datafield>
</record>